@book{algobook,
    author = {Thomas H. Cormen and Charles E. Leiserson and Ronald L. Rivest and Clifford Stein},
    title = {Introduction to Algorithms, third edition},
    year = {2009},
    publisher = {The MIT Press}
}


@INPROCEEDINGS{cvicg,
    author = {W. T. Freeman and D. Anderson and P. Beardsley and C. Dodge and H. Kage and K. Kyuma and Y. Miyake and M. Roth and K. Tanaka and C. Weissman and W. Yerazunis},
    title = {Computer Vision for Interactive Computer Graphics},
    booktitle = {IEEE Computer Graphics and Applications},
    year = {1998},
    volume = {18},
    pages = {42--53},
}


@INPROCEEDINGS{cvfcg,
    author = {W. T. Freeman and K. Tanaka and J. Ohta and K. Kyuma},
    title = {Computer Vision for Computer Games},
    booktitle = {IEEE 2nd Intl. Conf. on Automatic Face and Gesture Recognition},
    year = {1996},
}

@MISC{outout,
    author = {Axel Mulder},
    title = {Human Movement Tracking Technology},
    booktitle = {Technical Report 94-1, Simon Fraser University},
    year= {1994},
}

@ARTICLE{pamireview, 
author={Pavlovic, V.I. and Sharma, R. and Huang, T.S.}, 
journal={Pattern Analysis and Machine Intelligence, IEEE Transactions on}, title={Visual interpretation of hand gestures for human-computer interaction: a review}, 
year={1997}, 
volume={19}, 
number={7}, 
pages={677 -695}, 
}

@article{cviureview,
title = {A Survey of Computer Vision-Based Human Motion Capture},
journal = {Computer Vision and Image Understanding},
volume = {81},
number = {3},
pages = {231-268},
year = {2001},
author = {Thomas B. Moeslund and Erik Granum}
}

@INPROCEEDINGS{racecar,
   author = {Lu, Peng and Chen, Yufeng and Zeng, Xiangyong and Wang, Yangsheng},
   title = {A Vision Based Game Control Method},
   booktitle = {Computer Vision in Human-Computer Interaction},
   series = {Lecture Notes in Computer Science},
   editor = {Sebe, Nicu and Lew, Michael and Huang, Thomas},
   publisher = {Springer Berlin / Heidelberg},
   pages = {70-78},
   volume = {3766},
   year = {2005}
}

@INPROCEEDINGS{childgame,
   author = {H\"{a}m\"{a}l\"{a}inen, Perttu and H\"{o}ysniemi, Johanna},
   title = {A Computer Vision and Hearing Based User Interface for a Computer Game for Children},
   booktitle = {Universal Access Theoretical Perspectives, Practice, and Experience},
   series = {Lecture Notes in Computer Science},
   editor = {Carbonell, No\"{e}lle and Stephanidis, Constantine},
   publisher = {Springer Berlin / Heidelberg},
   pages = {299-318},
   volume = {2615},
   year = {2003}
}

@INPROCEEDINGS{3dgames,
     author = {Schlattmann, Markus and Broekelschen, Johannes and Klein, Reinhard},
      pages = {59--66},
      title = {Real-Time Bare-Hands-Tracking for 3D Games},
  booktitle = {IADIS International Conference Game and Entertainment Technologies (GET '09)},
       year = {2009},
  publisher = {IADIS Press},
}

@inproceedings{markless,
 author = {Schlattman, Markus and Klein, Reinhard},
 title = {Simultaneous 4 gestures 6 {DOF} real-time two-hand tracking without any markers},
 booktitle = {Proceedings of the 2007 ACM symposium on Virtual reality software and technology},
 series = {VRST '07},
 year = {2007},
 pages = {39--42},
 publisher = {ACM},
 address = {New York, NY, USA},
} 







